<record><leader>00000cas a2200000 a 4500</leader><controlfield tag="001">36099309</controlfield><controlfield tag="008">961217d18861974miuwr ne      0    0eng c</controlfield><datafield ind1=" " ind2=" " tag="010"><subfield code="a">sn 96077369 </subfield></datafield><datafield ind1=" " ind2=" " tag="040"><subfield code="a">MHN</subfield><subfield code="b">eng</subfield><subfield code="c">MHN</subfield><subfield code="d">OCL</subfield><subfield code="d">OCLCQ</subfield><subfield code="d">MHN</subfield><subfield code="d">OCLCQ</subfield><subfield code="d">OCLCF</subfield><subfield code="d">OCLCO</subfield></datafield><datafield ind1="1" ind2=" " tag="029"><subfield code="a">AU@</subfield><subfield code="b">000013023136</subfield></datafield><datafield ind1=" " ind2=" " tag="042"><subfield code="a">pcc</subfield></datafield><datafield ind1=" " ind2=" " tag="043"><subfield code="a">n-us-mi</subfield></datafield><datafield ind1="0" ind2="0" tag="245"><subfield code="a">Plainwell enterprise.</subfield></datafield><datafield ind1=" " ind2=" " tag="260"><subfield code="a">Plainwell, Mich. :</subfield><subfield code="b">L.C. Walton &amp; J.S. Madden</subfield></datafield><datafield ind1=" " ind2=" " tag="300"><subfield code="a">v.</subfield></datafield><datafield ind1=" " ind2=" " tag="310"><subfield code="a">Weekly</subfield></datafield><datafield ind1="0" ind2=" " tag="362"><subfield code="a">No. 1 (Feb. 10, 1886)-no. 52 (Feb. 2, 1887) ; v. 2, no. 1 (Feb. 9, 1887)-v. 58, no. 37 (Sep. 26, 1974).</subfield></datafield><datafield ind1=" " ind2=" " tag="580"><subfield code="a">Merged with: Otsego union (Otsego, Mich. : 1890), to form: Union enterprise (Otsego, Mich.).</subfield></datafield><datafield ind1=" " ind2="0" tag="651"><subfield code="a">Plainwell (Mich.)</subfield><subfield code="v">Newspapers.</subfield></datafield><datafield ind1=" " ind2="0" tag="651"><subfield code="a">Allegan County (Mich.)</subfield><subfield code="v">Newspapers.</subfield></datafield><datafield ind1=" " ind2="7" tag="655"><subfield code="a">Newspapers.</subfield><subfield code="2">fast</subfield><subfield code="0">(OCoLC)fst01423814</subfield></datafield><datafield ind1=" " ind2="7" tag="651"><subfield code="a">Michigan</subfield><subfield code="z">Allegan County.</subfield><subfield code="2">fast</subfield><subfield code="0">(OCoLC)fst01213215</subfield></datafield><datafield ind1=" " ind2="7" tag="651"><subfield code="a">Michigan</subfield><subfield code="z">Plainwell.</subfield><subfield code="2">fast</subfield><subfield code="0">(OCoLC)fst01219683</subfield></datafield><datafield ind1=" " ind2=" " tag="752"><subfield code="a">United States</subfield><subfield code="b">Michigan</subfield><subfield code="c">Allegan</subfield><subfield code="d">Plainwell.</subfield></datafield><datafield ind1="0" ind2="5" tag="780"><subfield code="t">Martin star (Martin, Mich.)</subfield><subfield code="w">(DLC)sn2002062238</subfield><subfield code="w">(OCoLC)49931979</subfield></datafield><datafield ind1="1" ind2="7" tag="785"><subfield code="t">Otsego union (Otsego, Mich. : 1890)</subfield><subfield code="w">(DLC)sn 96077367</subfield><subfield code="w">(OCoLC)36099439</subfield></datafield><datafield ind1="1" ind2="7" tag="785"><subfield code="t">Union enterprise (Otsego, Mich.)</subfield><subfield code="w">(DLC)sn 96077368</subfield><subfield code="w">(OCoLC)36099376</subfield></datafield></record>